<record><leader>00000cas a22000007a 4500</leader><controlfield tag="001">13322894</controlfield><controlfield tag="008">860321d19141914nvuuu ne      0    0eng d</controlfield><datafield ind1=" " ind2=" " tag="010"><subfield code="a">sn 86091237 </subfield></datafield><datafield ind1=" " ind2=" " tag="040"><subfield code="a">UNP</subfield><subfield code="b">eng</subfield><subfield code="c">UNP</subfield><subfield code="d">NNX</subfield><subfield code="d">OCLCQ</subfield></datafield><datafield ind1=" " ind2=" " tag="042"><subfield code="a">msc</subfield></datafield><datafield ind1=" " ind2="4" tag="050"><subfield code="a">AN2.N3</subfield><subfield code="b">C37</subfield></datafield><datafield ind1="0" ind2="4" tag="245"><subfield code="a">The Carson evening gazette.</subfield></datafield><datafield ind1=" " ind2=" " tag="260"><subfield code="a">[Carson City, Nev. :</subfield><subfield code="b">D. and M. Bartlett],</subfield><subfield code="c">1914.</subfield></datafield><datafield ind1=" " ind2=" " tag="300"><subfield code="a">1 v.</subfield></datafield><datafield ind1="0" ind2=" " tag="362"><subfield code="a">Vol. 1, no. 1 (July 21, 1914)-v. 1, no. 2 (July 23, 1914).</subfield></datafield><datafield ind1=" " ind2=" " tag="500"><subfield code="a">Publishers' names recorded in: Lingenfelter, R.E. Newspapers of Nev.</subfield></datafield><datafield ind1=" " ind2=" " tag="752"><subfield code="a">United States</subfield><subfield code="b">Nevada</subfield><subfield code="c">Ormsby</subfield><subfield code="d">Carson City.</subfield></datafield><datafield ind1=" " ind2=" " tag="752"><subfield code="a">United States</subfield><subfield code="b">Nevada</subfield><subfield code="c">Carson City</subfield><subfield code="d">Carson City.</subfield></datafield><datafield ind1="1" ind2=" " tag="029"><subfield code="a">AU@</subfield><subfield code="b">000023701281</subfield></datafield></record>